@book{linearalgebraforeveryone,
  author    = {Gilbert Strang},
  title     = {Linear Algebra for Everyone},
  publisher = {Wellesley-Cambridge Press},
  year      = 2020,
  isbn      = {978-1-7331466-3-0}
}

@misc{Essenceoflinearalgebra,
  author = {3Blue1Brown},
  title  = {Essence of linear algebra},
  year   = 2017
}

@article{Artoflinearalgebra,
  author          = {KenjiHiranabe},
  journal = {web},
  title           = {The Art of Linear Algebra},
  year            = {2021}
}
